@misc{kaggle,
author = {Mario Navas},
title = {{Taxi routes of Mexico City, Quito and more}},
howpublished = {\url{https://www.kaggle.com/mnavas/taxi-routes-for-mexico-city-and-quito}},
note = {Accessed: February 5, 2021},
}

@misc{ec,
howpublished = {\url{http://www.ectaximeter.com}},
note = {Accessed: February 5, 2021},
}

@mastersthesis{privacy,
author = {Giancarlo Camilo},
title = {Demand Analysis and Privacy of Floating Car Data},
school = {University of Victoria},
year = 2019,
note = {\url{http://hdl.handle.net/1828/11150}},
}

@misc{colonias,
title = {{Delimitaci{\'o}n territorial de las colonias de la Ciudad de M{\'e}xico}},
howpublished = {\url{https://datos.cdmx.gob.mx/dataset/coloniascdmx}},
note = {Accessed: February 5, 2021},
}

@misc{municipalities,
howpublished = {\url{https://hoyodecrimen.com/api/v1/municipios/geojson}},
note = {Accessed: February 5, 2021},
}